<?xml version="1.0" encoding="UTF-8"?><record xmlns="http://www.loc.gov/MARC21/slim" xmlns:cinclude="http://apache.org/cocoon/include/1.0" xmlns:zs="http://www.loc.gov/zing/srw/">
  <leader>00535cz  a2200181n  4500</leader>
  <controlfield tag="001">no2002054343</controlfield>
  <controlfield tag="003">DLC</controlfield>
  <controlfield tag="005">20160106073821.0</controlfield>
  <controlfield tag="008">020621n| azannaabn          |a aaa     c</controlfield>
  <datafield tag="010" ind1=" " ind2=" ">
    <subfield code="a">no2002054343</subfield>
  </datafield>
  <datafield tag="035" ind1=" " ind2=" ">
    <subfield code="a">(OCoLC)oca05792703</subfield>
  </datafield>
  <datafield tag="040" ind1=" " ind2=" ">
    <subfield code="a">OO</subfield>
    <subfield code="b">eng</subfield>
    <subfield code="e">rda</subfield>
    <subfield code="c">OO</subfield>
    <subfield code="d">DLC</subfield>
    <subfield code="d">UPB</subfield>
  </datafield>
  <datafield tag="100" ind1="1" ind2=" ">
    <subfield code="a">Holm, Michael Juul</subfield>
  </datafield>
  <datafield tag="375" ind1=" " ind2=" ">
    <subfield code="a">male</subfield>
  </datafield>
  <datafield tag="377" ind1=" " ind2=" ">
    <subfield code="a">eng</subfield>
  </datafield>
  <datafield tag="400" ind1="1" ind2=" ">
    <subfield code="a">Juul Holm, Michael</subfield>
  </datafield>
  <datafield tag="670" ind1=" " ind2=" ">
    <subfield code="a">Sigmar Polke, alchimist, c2001:</subfield>
    <subfield code="b">t.p. verso (Michael Juul Holm)</subfield>
  </datafield>
  <datafield tag="670" ind1=" " ind2=" ">
    <subfield code="a">Paula Modersohn-Becker, 2014:</subfield>
    <subfield code="b">title page (edited by Michael Juul Holm)</subfield>
  </datafield>
</record>